<?xml version="1.0" encoding="UTF-8"?><record xmlns="http://www.loc.gov/MARC21/slim" xmlns:cinclude="http://apache.org/cocoon/include/1.0" xmlns:zs="http://www.loc.gov/zing/srw/">
  <leader>00410nz  a2200133n  4500</leader>
  <controlfield tag="001">no 95037177 </controlfield>
  <controlfield tag="003">DLC</controlfield>
  <controlfield tag="005">19950804054652.3</controlfield>
  <controlfield tag="008">950803n| acannaab|          |n ana     c</controlfield>
  <datafield tag="010" ind1=" " ind2=" ">
    <subfield code="a">no 95037177 </subfield>
  </datafield>
  <datafield tag="035" ind1=" " ind2=" ">
    <subfield code="a">(OCoLC)oca03890519 </subfield>
  </datafield>
  <datafield tag="040" ind1=" " ind2=" ">
    <subfield code="a">ICRL</subfield>
    <subfield code="c">ICRL</subfield>
  </datafield>
  <datafield tag="110" ind1="2" ind2="0">
    <subfield code="a">Conseil général des pèlerinages (France)</subfield>
  </datafield>
  <datafield tag="670" ind1=" " ind2=" ">
    <subfield code="a">Le pèlerin (Paris, France), 12 juil. 1873:</subfield>
    <subfield code="b">t.p. (Conseil général des p'elerinages)</subfield>
  </datafield>
</record>